% You can often find Bibtex entries using publishers' websites or
% https://www.doi2bib.org/#/doi
% https://mathscinet.ams.org/mathscinet/
% Warning: sometimes the entries are incomplete or contain too much and need to be checked manually.

@article{
    Vayena_et_al2015,
    author = {Vayena, Effy AND Salath√©, Marcel AND Madoff, Lawrence C. AND Brownstein, John S.},
    journal = {PLOS Computational Biology},
    publisher = {Public Library of Science},
    title = {Ethical Challenges of Big Data in Public Health},
    year = {2015},
    month = {02},
    volume = {11},
    url = {https://doi.org/10.1371/journal.pcbi.1003904},
    pages = {1-7},
    abstract = {},
    number = {2},
    doi = {10.1371/journal.pcbi.1003904}
}

@article {Fairchild631,
	author = {Fairchild, Amy L. and Bayer, Ronald},
	title = {Ethics and the Conduct of Public Health Surveillance},
	volume = {303},
	number = {5658},
	pages = {631--632},
	year = {2004},
	doi = {10.1126/science.1094038},
	publisher = {American Association for the Advancement of Science},
	issn = {0036-8075},
	URL = {https://science.sciencemag.org/content/303/5658/631},
	eprint = {https://science.sciencemag.org/content/303/5658/631.full.pdf},
	journal = {Science}
}


@article{Floridi2016dataEthics,
author = {Floridi, Luciano  and Taddeo, Mariarosaria },
title = {What is data ethics?},
journal = {Philosophical Transactions of the Royal Society A: Mathematical, Physical and Engineering Sciences},
volume = {374},
number = {2083},
pages = {20160360},
year = {2016},
doi = {10.1098/rsta.2016.0360},
URL = {https://royalsocietypublishing.org/doi/abs/10.1098/rsta.2016.0360},
eprint = {https://royalsocietypublishing.org/doi/pdf/10.1098/rsta.2016.0360}
}


@article{
    Auer2007,
    author = {Auer S., Bizer C., Kobilarov G., Lehmann J., Cyganiak R., Ives Z.},
    journal = {Aberer K. et al. (eds) The Semantic Web},
    publisher = {Springer, Berlin, Heidelberg},
    title = {DBpedia: A Nucleus for a Web of Open Data},
    year = {2007},
    volume = {4825},
    pages = {722-735},
    doi = {110.1007/978-3-540-76298-0_52}
}

@article{
    Kostkova_et_al_2016,
    author = {Kostkova P, Brewer H, de Lusignan S, Fottrell E, Goldacre B, Hart G, Koczan P, Knight P, Marsolier C, McKendry RA, Ross E, Sasse A, Sullivan R, Chaytor S, Stevenson O, Velho R and Tooke J},
    journal = {Public Health 4:7},
    publisher = {},
    title = {Who Owns the Data? Open Data for Healthcare},
    year = {2016},
    doi = {10.3389/fpubh.2016.00007}
}

@article {Hoeksmag2014,
	author = {Hoeksma, Jon},
	title = {The NHS{\textquoteright}s care.data scheme: what are the risks to privacy?},
	volume = {348},
	elocation-id = {g1547},
	year = {2014},
	doi = {10.1136/bmj.g1547},
	publisher = {BMJ Publishing Group Ltd},
	URL = {https://www.bmj.com/content/348/bmj.g1547},
	eprint = {https://www.bmj.com/content/348/bmj.g1547.full.pdf},
	journal = {BMJ}
}

@article{Hoffman2015,
 ISSN = {10863818, 23804742},
 URL = {https://www.jstor.org/stable/26377581},
 author = {Sharona Hoffman},
 journal = {Berkeley Technology Law Journal},
 number = {3},
 pages = {1741--1805},
 publisher = {[University of California, Berkeley, University of California, Berkeley, School of Law]},
 title = {Citizen Science: The Law and Ethics of Public Access to Medical Big Data},
 volume = {30},
 year = {2015}
}

@book{kitchin2014dataRevolution,
  title={The data revolution: Big data, open data, data infrastructures and their consequences},
  author={Kitchin, Rob},
  year={2014},
  publisher={Sage}
}

@article{schneeweiss2014learning,
  title={Learning from big health care data},
  author={Schneeweiss, Sebastian},
  journal={N Engl J Med},
  volume={370},
  number={23},
  pages={2161--2163},
  year={2014}
}

@misc{whatIsOpenData,
  title = {Open Data Handbook - What is open data?},
  howpublished = {\url{http://opendatahandbook.org/guide/en/what-is-open-data/}},
  note = {Accessed: 2020-01-20}
}

@misc{ParticipantProfiles,   
    title = {PERSONAL GENOME PROJECT, HARV.MED.SCH.}, 
    howpublished = {\url{https://my.pgp-hms.org/users}},
    note = {Accessed: 2020-01-21}
}

@misc{targetPregnantDaughter, 
    title = {How Target Figured Out A Teen Girl Was Pregnant Before Her Father Did?}, 
    howpublished = {\url{https://www.forbes.com/sites/kashmirhill/2012/02/16/how-target-figured-out-a-teen-girl-was-pregnant-before-her-father-did/#43ad14be6668}}, 
    note = {Accessed: 2020-01-29}
}

@misc{HealthDataGov,   
    title = {HealthData.gov}, 
    howpublished = {\url{https://healthdata.gov/}},
    note = {Accessed: 2020-01-30}
}

@inproceedings{kayaalp2017modes,
  title={Modes of De-identification},
  author={Kayaalp, Mehmet},
  booktitle={AMIA Annual Symposium Proceedings},
  volume={2017},
  pages={1044},
  year={2017},
  organization={American Medical Informatics Association}
}

@article{price2019privacy,
  title={Privacy in the age of medical big data},
  author={Price, W Nicholson and Cohen, I Glenn},
  journal={Nature medicine},
  volume={25},
  number={1},
  pages={37--43},
  year={2019},
  publisher={Nature Publishing Group}
}

@article{hoffman2016promise,
  title={The promise and perils of open medical data},
  author={Hoffman, Sharona},
  journal={Hastings Center Report},
  volume={46},
  number={1},
  pages={6--7},
  year={2016},
  publisher={Wiley Online Library}
}